@inproceedings{serban2016building,
	title="Building end-to-end dialogue systems using generative hierarchical neural network models",
	author="Iulian V. {Serban} and Alessandro {Sordoni} and Yoshua {Bengio} and Aaron {Courville} and Joelle {Pineau}",
	booktitle="AAAI'16 Proceedings of the Thirtieth AAAI Conference on Artificial Intelligence",
	pages="3776--3783",
	url="https://academic.microsoft.com/paper/2962883855",
	year="2016"
}

@inproceedings{sordoni2015a,
	title="A Neural Network Approach to Context-Sensitive Generation of Conversational Responses",
	author="Alessandro {Sordoni} and Michel {Galley} and Michael {Auli} and Chris {Brockett} and Yangfeng {Ji} and Margaret {Mitchell} and Jian-Yun {Nie} and Jianfeng {Gao} and Bill {Dolan}",
	booktitle="Proceedings of the 2015 Conference of the North American Chapter of the
      Association for Computational Linguistics: Human Language Technologies",
	pages="196--205",
	url="https://academic.microsoft.com/paper/1518951372",
	year="2015"
}

@inproceedings{li2016a,
	title="A Diversity-Promoting Objective Function for Neural Conversation Models",
	author="Jiwei {Li} and Michel {Galley} and Chris {Brockett} and Jianfeng {Gao} and Bill {Dolan}",
	booktitle="Proceedings of the 2016 Conference of the North American Chapter of the
      Association for Computational Linguistics: Human Language Technologies",
	pages="110--119",
	url="https://academic.microsoft.com/paper/2963206148",
	year="2016"
}

@inproceedings{ritter2011data,
	title="Data-Driven Response Generation in Social Media",
	author="Alan {Ritter} and Colin {Cherry} and William B. {Dolan}",
	booktitle="Proceedings of the 2011 Conference on Empirical Methods in Natural Language Processing",
	pages="583--593",
	url="https://academic.microsoft.com/paper/10957333",
	year="2011"
}

@inproceedings{li2017adversarial,
	title="Adversarial Learning for Neural Dialogue Generation",
	author="Jiwei {Li} and Will {Monroe} and Tianlin {Shi} and Sébastien {Jean} and Alan {Ritter} and Dan {Jurafsky}",
	booktitle="Proceedings of the 2017 Conference on Empirical Methods in Natural
      Language Processing",
	pages="2157--2169",
	url="https://academic.microsoft.com/paper/2581637843",
	year="2017"
}

@inproceedings{li2016a,
	title="A Persona-Based Neural Conversation Model",
	author="Jiwei {Li} and Michel {Galley} and Chris {Brockett} and Georgios {Spithourakis} and Jianfeng {Gao} and Bill {Dolan}",
	booktitle="Proceedings of the 54th Annual Meeting of the Association for
      Computational Linguistics (Volume 1: Long Papers)",
	volume="1",
	pages="994--1003",
	url="https://academic.microsoft.com/paper/2964352131",
	year="2016"
}

@article{zue2000juplter,
	title="JUPlTER: a telephone-based conversational interface for weather information",
	author="V. {Zue} and S. {Seneff} and J.R. {Glass} and J. {Polifroni} and C. {Pao} and T.J. {Hazen} and L. {Hetherington}",
	journal="IEEE Transactions on Speech and Audio Processing",
	volume="8",
	number="1",
	pages="85--96",
	url="https://academic.microsoft.com/paper/2130607791",
	year="2000"
}

@inproceedings{lu2013a,
	title="A Deep Architecture for Matching Short Texts",
	author="Zhengdong {Lu} and Hang {Li}",
	booktitle="Advances in Neural Information Processing Systems 26",
	pages="1367--1375",
	url="https://academic.microsoft.com/paper/2128892113",
	year="2013"
}

@inproceedings{zhou2018emotional,
	title="Emotional Chatting Machine: Emotional Conversation Generation with Internal and External Memory",
	author="Hao {Zhou} and Minlie {Huang} and Tianyang {Zhang} and Xiaoyan {Zhu} and Bing {Liu}",
	booktitle="AAAI-18 AAAI Conference on Artificial Intelligence",
	pages="730--739",
	url="https://academic.microsoft.com/paper/2962796276",
	year="2018"
}

@inproceedings{zhang2018personalizing,
	title="Personalizing Dialogue Agents: I have a dog, do you have pets too?",
	author="Saizheng {Zhang} and Emily {Dinan} and Jack {Urbanek} and Arthur {Szlam} and Douwe {Kiela} and Jason {Weston}",
	booktitle="ACL 2018: 56th Annual Meeting of the Association for Computational Linguistics",
	volume="1",
	pages="2204--2213",
	url="https://academic.microsoft.com/paper/2963825865",
	year="2018"
}

@inproceedings{li2016deep,
	title="Deep Reinforcement Learning for Dialogue Generation",
	author="Jiwei {Li} and Will {Monroe} and Alan {Ritter} and Dan {Jurafsky} and Michel {Galley} and Jianfeng {Gao}",
	booktitle="Proceedings of the 2016 Conference on Empirical Methods in Natural
      Language Processing",
	pages="1192--1202",
	url="https://academic.microsoft.com/paper/2963167310",
	year="2016"
}

@inproceedings{wang2013a,
	title="A Dataset for Research on Short-Text Conversations",
	author="Hao {Wang} and Zhengdong {Lu} and Hang {Li} and Enhong {Chen}",
	booktitle="Proceedings of the 2013 Conference on Empirical Methods in Natural Language Processing",
	pages="935--945",
	url="https://academic.microsoft.com/paper/2102531443",
	year="2013"
}

@inproceedings{mou2016sequence,
	title="Sequence to Backward and Forward Sequences: A Content-Introducing Approach to Generative Short-Text Conversation.",
	author="Lili {Mou} and Yiping {Song} and Rui {Yan} and Ge {Li} and Lu {Zhang} and Zhi {Jin}",
	booktitle="COLING",
	pages="3349--3358",
	url="https://academic.microsoft.com/paper/2963986868",
	year="2016"
}

@article{zue2000conversational,
	title="Conversational interfaces: advances and challenges",
	author="V.W. {Zue} and J.R. {Glass}",
	journal="Proceedings of the IEEE",
	volume="88",
	number="8",
	pages="1166--1180",
	url="https://academic.microsoft.com/paper/2117448986",
	year="2000"
}

@inproceedings{rudnicky1999creating,
	title="Creating natural dialogs in the carnegie mellon communicator system.",
	author="Alexander I. {Rudnicky} and Eric H. {Thayer} and Paul C. {Constantinides} and Chris {Tchou} and R. {Shern} and Kevin A. {Lenzo} and W. {Xu} and Alice {Oh}",
	booktitle="EUROSPEECH",
	url="https://academic.microsoft.com/paper/140747314",
	year="1999"
}

@article{chen2017a,
	title="A Survey on Dialogue Systems: Recent Advances and New Frontiers",
	author="Hongshen {Chen} and Xiaorui {Liu} and Dawei {Yin} and Jiliang {Tang}",
	journal="Sigkdd Explorations",
	volume="19",
	number="2",
	pages="25--35",
	url="https://academic.microsoft.com/paper/2767315783",
	year="2017"
}

@article{ji2014an,
	title="An Information Retrieval Approach to Short Text Conversation.",
	author="Zongcheng {Ji} and Zhengdong {Lu} and Hang {Li}",
	journal="arXiv preprint arXiv:1408.6988",
	url="https://academic.microsoft.com/paper/295828404",
	year="2014"
}

@inproceedings{dinan2019wizard,
	title="Wizard of Wikipedia: Knowledge-Powered Conversational Agents",
	author="Emily {Dinan} and Stephen {Roller} and Kurt {Shuster} and Angela {Fan} and Michael {Auli} and Jason {Weston}",
	booktitle="ICLR 2019 : 7th International Conference on Learning Representations",
	url="https://academic.microsoft.com/paper/2963475460",
	year="2019"
}

@inproceedings{zhou2018multi,
	title="Multi-Turn Response Selection for Chatbots with Deep Attention Matching Network",
	author="Xiangyang {Zhou} and Lu {Li} and Daxiang {Dong} and Yi {Liu} and Ying {Chen} and Wayne Xin {Zhao} and Dianhai {Yu} and Hua {Wu}",
	booktitle="ACL 2018: 56th Annual Meeting of the Association for Computational Linguistics",
	volume="1",
	pages="1118--1127",
	url="https://academic.microsoft.com/paper/2798456655",
	year="2018"
}

@article{isbell2006cobot,
	title="Cobot in LambdaMOO: An Adaptive Social Statistics Agent",
	author="Charles Lee {Isbell} and Michael {Kearns} and Satinder {Singh} and Christian R. {Shelton} and Peter {Stone} and Dave {Kormann}",
	journal="Autonomous Agents and Multi-Agent Systems",
	volume="13",
	number="3",
	pages="327--354",
	url="https://academic.microsoft.com/paper/2027106130",
	year="2006"
}

@inproceedings{zhang2018modeling,
	title="Modeling Multi-turn Conversation with Deep Utterance Aggregation",
	author="Zhuosheng {Zhang} and Jiangtong {Li} and Pengfei {Zhu} and Hai {Zhao}",
	booktitle="COLING 2018: 27th International Conference on Computational Linguistics",
	pages="3740--3752",
	url="https://academic.microsoft.com/paper/2822830299",
	year="2018"
}

@inproceedings{young2018augmenting,
	title="Augmenting End-to-End Dialogue Systems with Commonsense Knowledge",
	author="Tom {Young} and Erik {Cambria} and Iti {Chaturvedi} and Minlie {Huang} and Hao {Zhou} and Subham {Biswas}",
	booktitle="AAAI-18 AAAI Conference on Artificial Intelligence",
	pages="4970--4977",
	url="https://academic.microsoft.com/paper/2963520511",
	year="2018"
}

@inproceedings{tian2017how,
	title="How to Make Context More Useful? An Empirical Study on Context-Aware Neural Conversational Models",
	author="Zhiliang {Tian} and Rui {Yan} and Lili {Mou} and Yiping {Song} and Yansong {Feng} and Dongyan {Zhao}",
	booktitle="Proceedings of the 55th Annual Meeting of the Association for
      Computational Linguistics (Volume 2: Short Papers)",
	volume="2",
	pages="231--236",
	url="https://academic.microsoft.com/paper/2741363662",
	year="2017"
}

@article{niu2018polite,
	title="Polite Dialogue Generation Without Parallel Data",
	author="Tong {Niu} and Mohit {Bansal}",
	journal="Transactions of the Association for Computational Linguistics",
	volume="6",
	pages="373--389",
	url="https://academic.microsoft.com/paper/2962753250",
	year="2018"
}

@article{turing1950i,
	title="I.—COMPUTING MACHINERY AND INTELLIGENCE",
	author="A. M. {Turing}",
	journal="Mind",
	volume="59",
	number="236",
	pages="433--460",
	url="https://academic.microsoft.com/paper/2001771035",
	year="1950"
}

@inproceedings{song2018an,
	title="An Ensemble of Retrieval-Based and Generation-Based Human-Computer Conversation Systems.",
	author="Yiping {Song} and Cheng-Te {Li} and Jian-Yun {Nie} and Ming {Zhang} and Dongyan {Zhao} and Rui {Yan}",
	booktitle="IJCAI 2018: 27th International Joint Conference on Artificial Intelligence",
	pages="4382--4388",
	url="https://academic.microsoft.com/paper/2786983967",
	year="2018"
}

@inproceedings{tao2019multi,
	title="Multi-Representation Fusion Network for Multi-Turn Response Selection in Retrieval-Based Chatbots",
	author="Chongyang {Tao} and Wei {Wu} and Can {Xu} and Wenpeng {Hu} and Dongyan {Zhao} and Rui {Yan}",
	booktitle="Proceedings of the Twelfth ACM International Conference on Web Search and Data Mining",
	pages="267--275",
	url="https://academic.microsoft.com/paper/2908331278",
	year="2019"
}

@inproceedings{liu2018toward,
	title="Toward Less Generic Responses in Neural Conversation Models: A Statistical Re-weighting Method",
	author="Yahui {Liu} and Wei {Bi} and Jun {Gao} and Xiaojiang {Liu} and Jian {Yao} and Shuming {Shi}",
	booktitle="EMNLP 2018: 2018 Conference on Empirical Methods in Natural Language Processing",
	pages="2769--2774",
	url="https://academic.microsoft.com/paper/2890274659",
	year="2018"
}

@article{zheng2019personalized,
	title="Personalized Dialogue Generation with Diversified Traits.",
	author="Yinhe {Zheng} and Guanyi {Chen} and Minlie {Huang} and Song {Liu} and Xuan {Zhu}",
	journal="arXiv preprint arXiv:1901.09672",
	url="https://academic.microsoft.com/paper/2911994530",
	year="2019"
}

@article{santhanam2019a,
	title="A Survey of Natural Language Generation Techniques with a Focus on Dialogue Systems - Past, Present and Future Directions.",
	author="Sashank {Santhanam} and Samira {Shaikh}",
	journal="arXiv preprint arXiv:1906.00500",
	url="https://academic.microsoft.com/paper/2947812138",
	year="2019"
}

@inproceedings{shang2015neural,
	title="Neural Responding Machine for Short-Text Conversation",
	author="Lifeng {Shang} and Zhengdong {Lu} and Hang {Li}",
	booktitle="Proceedings of the 53rd Annual Meeting of the Association for Computational Linguistics and the 7th International Joint Conference on Natural Language Processing (Volume 1: Long Papers)",
	volume="1",
	pages="1577--1586",
	url="https://academic.microsoft.com/paper/2963963856",
	year="2015"
}

@article{epstein2008parsing,
	title="Parsing the Turing Test: Philosophical and Methodological Issues in the Quest for the Thinking Computer",
	author="Robert {Epstein} and Gary {Roberts} and Grace {Beber}",
	journal="",
	url="https://academic.microsoft.com/paper/240375037",
	year="2008"
}

@article{marietto2013artificial,
	title="Artificial Intelligence Markup Language: A Brief Tutorial",
	author="Maria das Graças Bruno {Marietto} and Rafael Varago de {Aguiar} and Gislene de Oliveira {Barbosa} and Wagner Tanaka {Botelho} and Edson P. {Pimentel} and Robson dos Santos {França} and Vera Lúcia da {Silva}",
	journal="International Journal of Computer Science \& Engineering Survey",
	volume="4",
	number="3",
	pages="1--20",
	url="https://academic.microsoft.com/paper/2963060667",
	year="2013"
}

@article{weizenbaum1966eliza,
	title="ELIZA — a computer program for the study of natural language communication between man and machine",
	author="Joseph {Weizenbaum}",
	journal="Communications of The ACM",
	volume="9",
	number="1",
	pages="36--45",
	url="https://academic.microsoft.com/paper/2161466446",
	year="1966"
}

@article{wilensky1988the,
	title="The berkeley UNIX consultant project",
	author="Robert {Wilensky} and David N {Chin} and Marc {Luria} and James H. {Martin} and James {Mayfield} and Dekai {Wu}",
	journal="Computational Linguistics",
	volume="14",
	number="4",
	pages="35--84",
	url="https://academic.microsoft.com/paper/1550791699",
	year="1988"
}

@book{goodfellow2016deep,
	title="Deep Learning",
	author="Ian {Goodfellow} and Yoshua {Bengio} and Aaron {Courville}",
	url="https://academic.microsoft.com/paper/2557283755",
	year="2016"
}

@inproceedings{bordes2017learning,
	title="Learning End-to-End Goal-Oriented Dialog",
	author="Antoine {Bordes} and Y-Lan {Boureau} and Jason {Weston}",
	booktitle="ICLR 2017 : International Conference on Learning Representations 2017",
	url="https://academic.microsoft.com/paper/2964210218",
	year="2017"
}

@inproceedings{zhao2016towards,
	title="Towards End-to-End Learning for Dialog State Tracking and Management using Deep Reinforcement Learning",
	author="Tiancheng {Zhao} and Maxine {Eskenazi}",
	booktitle="Proceedings of the 17th Annual Meeting of the Special Interest Group on
      Discourse and Dialogue",
	pages="1--10",
	url="https://academic.microsoft.com/paper/2962776342",
	year="2016"
}

@inproceedings{wen2017a,
	title="A Network-based End-to-End Trainable Task-oriented Dialogue System",
	author="Tsung-Hsien {Wen} and David {Vandyke} and Nikola {Mrkšić} and Milica {Gasic} and Lina M. Rojas {Barahona} and Pei-Hao {Su} and Stefan {Ultes} and Steve {Young}",
	booktitle="Proceedings of the 15th Conference of the European Chapter of the Association for Computational Linguistics: Volume 1, Long Papers",
	volume="1",
	pages="438--449",
	url="https://academic.microsoft.com/paper/2963797754",
	year="2017"
}

@inproceedings{sutskever2014sequence,
	title="Sequence to Sequence Learning with Neural Networks",
	author="Ilya {Sutskever} and Oriol {Vinyals} and Quoc V. {Le}",
	booktitle="Advances in Neural Information Processing Systems 27",
	pages="3104--3112",
	url="https://academic.microsoft.com/paper/2130942839",
	year="2014"
}

@inproceedings{bahdanau2015neural,
	title="Neural Machine Translation by Jointly Learning to Align and Translate",
	author="Dzmitry {Bahdanau} and Kyunghyun {Cho} and Yoshua {Bengio}",
	booktitle="ICLR 2015 : International Conference on Learning Representations 2015",
	url="https://academic.microsoft.com/paper/2964308564",
	year="2015"
}

@inproceedings{zhang2014chinese,
	title="Chinese Poetry Generation with Recurrent Neural Networks",
	author="Xingxing {Zhang} and Mirella {Lapata}",
	booktitle="Proceedings of the 2014 Conference on Empirical Methods in Natural Language Processing (EMNLP)",
	pages="670--680",
	url="https://academic.microsoft.com/paper/2115221470",
	year="2014"
}

@article{goldberg1993the,
	title="The Structure of Phenotypic Personality Traits",
	author="Lewis R. {Goldberg}",
	journal="American Psychologist",
	volume="48",
	number="1",
	pages="26--34",
	url="https://academic.microsoft.com/paper/1966732563",
	year="1993"
}

@inproceedings{mairesse2007personage,
	title="PERSONAGE: Personality Generation for Dialogue",
	author="Francois {Mairesse} and Marilyn {Walker}",
	booktitle="Proceedings of the 45th Annual Meeting of the Association of Computational Linguistics",
	pages="496--503",
	url="https://academic.microsoft.com/paper/2115648139",
	year="2007"
}

@inproceedings{kottur2017exploring,
	title="Exploring personalized neural conversational models",
	author="Satwik {Kottur} and Xiaoyu {Wang} and Vitor R. {Carvalho}",
	booktitle="IJCAI'17 Proceedings of the 26th International Joint Conference on Artificial Intelligence",
	pages="3728--3734",
	url="https://academic.microsoft.com/paper/2740919303",
	year="2017"
}

@article{joshi2017personalization,
	title="Personalization in Goal-Oriented Dialog.",
	author="Chaitanya K. {Joshi} and Fei {Mi} and Boi {Faltings}",
	journal="arXiv preprint arXiv:1706.07503",
	url="https://academic.microsoft.com/paper/2688962481",
	year="2017"
}

@article{luo2019learning,
	title="Learning Personalized End-to-End Goal-Oriented Dialog",
	author="Liangchen {Luo} and Wenhao {Huang} and Qi {Zeng} and Xu {Sun} and Zaiqing {Nie}",
	journal="AAAI 2019 : Thirty-Third AAAI Conference on Artificial Intelligence",
	volume="33",
	pages="6794--6801",
	url="https://academic.microsoft.com/paper/2900227126",
	year="2019"
}

@article{zhang2019neural,
	title="Neural personalized response generation as domain adaptation",
	author="Wei-Nan {Zhang} and Qingfu {Zhu} and Yifa {Wang} and Yanyan {Zhao} and Ting {Liu}",
	journal="World Wide Web",
	volume="22",
	number="4",
	pages="1427--1446",
	url="https://academic.microsoft.com/paper/2578354947",
	year="2019"
}


@inproceedings{serban2017a,
	title="A Hierarchical Latent Variable Encoder-Decoder Model for Generating Dialogues.",
	author="Iulian Vlad {Serban} and Alessandro {Sordoni} and Ryan {Lowe} and Laurent {Charlin} and Joelle {Pineau} and Aaron C. {Courville} and Yoshua {Bengio}",
	booktitle="AAAI",
	pages="3295--3301",
	url="https://academic.microsoft.com/paper/2604300465",
	year="2017"
}

@article{li2016a,
	title="A Simple, Fast Diverse Decoding Algorithm for Neural Generation.",
	author="Jiwei {Li} and Will {Monroe} and Dan {Jurafsky}",
	journal="arXiv preprint arXiv:1611.08562",
	url="https://academic.microsoft.com/paper/2557436004",
	year="2016"
}

@inproceedings{shao2017generating,
	title="Generating High-Quality and Informative Conversation Responses with Sequence-to-Sequence Models",
	author="Yuanlong {Shao} and Stephan {Gouws} and Denny {Britz} and Anna {Goldie} and Brian {Strope} and Ray {Kurzweil}",
	booktitle="Proceedings of the 2017 Conference on Empirical Methods in Natural
      Language Processing",
	pages="2210--2219",
	url="https://academic.microsoft.com/paper/2734443755",
	year="2017"
}

@inproceedings{xing2018hierarchical,
	title="Hierarchical Recurrent Attention Network for Response Generation",
	author="Chen {Xing} and Yu {Wu} and Wei {Wu} and Yalou {Huang} and Ming {Zhou}",
	booktitle="AAAI-18 AAAI Conference on Artificial Intelligence",
	pages="5610--5617",
	url="https://academic.microsoft.com/paper/2963360026",
	year="2018"
}

@inproceedings{xing2017topic,
	title="Topic Aware Neural Response Generation.",
	author="Chen {Xing} and Wei {Wu} and Yu {Wu} and Jie {Liu} and Yalou {Huang} and Ming {Zhou} and Wei-Ying {Ma}",
	booktitle="AAAI",
	pages="3351--3357",
	url="https://academic.microsoft.com/paper/2963035145",
	year="2017"
}

@inproceedings{zhou2018commonsense,
	title="Commonsense Knowledge Aware Conversation Generation with Graph Attention",
	author="Hao {Zhou} and Tom {Young} and Minlie {Huang} and Haizhou {Zhao} and Jingfang {Xu} and Xiaoyan {Zhu}",
	booktitle="IJCAI 2018: 27th International Joint Conference on Artificial Intelligence",
	pages="4623--4629",
	url="https://academic.microsoft.com/paper/2807873315",
	year="2018"
}

@inproceedings{liu2018knowledge,
	title="Knowledge Diffusion for Neural Dialogue Generation",
	author="Shuman {Liu} and Hongshen {Chen} and Zhaochun {Ren} and Yang {Feng} and Qun {Liu} and Dawei {Yin}",
	booktitle="ACL 2018: 56th Annual Meeting of the Association for Computational Linguistics",
	volume="1",
	pages="1489--1498",
	url="https://academic.microsoft.com/paper/2799176105",
	year="2018"
}


@inproceedings{lowe2015the,
	title="The Ubuntu Dialogue Corpus: A Large Dataset for Research in Unstructured Multi-Turn Dialogue Systems",
	author="Ryan {Lowe} and Nissan {Pow} and Iulian {Serban} and Joelle {Pineau}",
	booktitle="Proceedings of the 16th Annual Meeting of the Special Interest Group on Discourse and Dialogue",
	pages="285--294",
	url="https://academic.microsoft.com/paper/2962854379",
	year="2015"
}

@inproceedings{wu2017sequential,
	title="Sequential Matching Network: A New Architecture for Multi-turn Response Selection in Retrieval-Based Chatbots",
	author="Yu {Wu} and Wei {Wu} and Chen {Xing} and Ming {Zhou} and Zhoujun {Li}",
	booktitle="Proceedings of the 55th Annual Meeting of the Association for
      Computational Linguistics (Volume 1: Long Papers)",
	volume="1",
	pages="496--505",
	url="https://academic.microsoft.com/paper/2891416139",
	year="2017"
}

@inproceedings{yan2016learning,
	title="Learning to Respond with Deep Neural Networks for Retrieval-Based Human-Computer Conversation System",
	author="Rui {Yan} and Yiping {Song} and Hua {Wu}",
	booktitle="Proceedings of the 39th International ACM SIGIR conference on Research and Development in Information Retrieval",
	pages="55--64",
	url="https://academic.microsoft.com/paper/2339852062",
	year="2016"
}

@inproceedings{zhou2018multi,
	title="Multi-Turn Response Selection for Chatbots with Deep Attention Matching Network",
	author="Xiangyang {Zhou} and Lu {Li} and Daxiang {Dong} and Yi {Liu} and Ying {Chen} and Wayne Xin {Zhao} and Dianhai {Yu} and Hua {Wu}",
	booktitle="ACL 2018: 56th Annual Meeting of the Association for Computational Linguistics",
	volume="1",
	pages="1118--1127",
	url="https://academic.microsoft.com/paper/2798456655",
	year="2018"
}

@inproceedings{zhou2016multi,
	title="Multi-view Response Selection for Human-Computer Conversation",
	author="Xiangyang {Zhou} and Daxiang {Dong} and Hua {Wu} and Shiqi {Zhao} and Dianhai {Yu} and Hao {Tian} and Xuan {Liu} and Rui {Yan}",
	booktitle="Proceedings of the 2016 Conference on Empirical Methods in Natural
      Language Processing",
	pages="372--381",
	url="https://academic.microsoft.com/paper/2561368124",
	year="2016"
}

@inproceedings{zhang2018modeling,
	title="Modeling Multi-turn Conversation with Deep Utterance Aggregation",
	author="Zhuosheng {Zhang} and Jiangtong {Li} and Pengfei {Zhu} and Hai {Zhao}",
	booktitle="COLING 2018: 27th International Conference on Computational Linguistics",
	pages="3740--3752",
	url="https://academic.microsoft.com/paper/2822830299",
	year="2018"
}

@inproceedings{tao2019multi,
	title="Multi-Representation Fusion Network for Multi-Turn Response Selection in Retrieval-Based Chatbots",
	author="Chongyang {Tao} and Wei {Wu} and Can {Xu} and Wenpeng {Hu} and Dongyan {Zhao} and Rui {Yan}",
	booktitle="Proceedings of the Twelfth ACM International Conference on Web Search and Data Mining",
	pages="267--275",
	url="https://academic.microsoft.com/paper/2908331278",
	year="2019"
}

@inproceedings{qu2019bert,
	title="BERT with History Answer Embedding for Conversational Question Answering.",
	author="Chen {Qu} and Liu {Yang} and Minghui {Qiu} and W. Bruce {Croft} and Yongfeng {Zhang} and Mohit {Iyyer}",
	booktitle="Proceedings of the 42nd International ACM SIGIR Conference on Research and Development in Information Retrieval  - SIGIR'19",
	pages="1133--1136",
	url="https://academic.microsoft.com/paper/2946434750",
	year="2019"
}

@inproceedings{hu2014convolutional,
	title="Convolutional Neural Network Architectures for Matching Natural Language Sentences",
	author="Baotian {Hu} and Zhengdong {Lu} and Hang {Li} and Qingcai {Chen}",
	booktitle="Advances in Neural Information Processing Systems 27",
	pages="2042--2050",
	url="https://academic.microsoft.com/paper/2170738476",
	year="2014"
}

@inproceedings{chen2017enhanced,
	title="Enhanced LSTM for Natural Language Inference",
	author="Qian {Chen} and Xiaodan {Zhu} and Zhen-Hua {Ling} and Si {Wei} and Hui {Jiang} and Diana {Inkpen}",
	booktitle="Proceedings of the 55th Annual Meeting of the Association for
      Computational Linguistics (Volume 1: Long Papers)",
	volume="1",
	pages="1657--1668",
	url="https://academic.microsoft.com/paper/2962726955",
	year="2017"
}

@inproceedings{pang2016text,
	title="Text matching as image recognition",
	author="Liang {Pang} and Yanyan {Lan} and Jiafeng {Guo} and Jun {Xu} and Shengxian {Wan} and Xueqi {Cheng}",
	booktitle="AAAI'16 Proceedings of the Thirtieth AAAI Conference on Artificial Intelligence",
	pages="2793--2799",
	url="https://academic.microsoft.com/paper/2286300105",
	year="2016"
}


@inproceedings{xu2013convolutional,
	title="Convolutional neural network based triangular CRF for joint intent detection and slot filling",
	author="Puyang {Xu} and Ruhi {Sarikaya}",
	booktitle="2013 IEEE Workshop on Automatic Speech Recognition and Understanding",
	pages="78--83",
	url="https://academic.microsoft.com/paper/2094472029",
	year="2013"
}

@inproceedings{tur2012towards,
	title="Towards deeper understanding: Deep convex networks for semantic utterance classification",
	author="Gokhan {Tur} and Li {Deng} and Dilek {Hakkani-Tur} and Xiaodong {He}",
	booktitle="2012 IEEE International Conference on Acoustics, Speech and Signal Processing (ICASSP)",
	pages="5045--5048",
	url="https://academic.microsoft.com/paper/2106347453",
	year="2012"
}

@inproceedings{sarikaya2011deep,
	title="Deep belief nets for natural language call-routing",
	author="Ruhi {Sarikaya} and Geoffrey E. {Hinton} and Bhuvana {Ramabhadran}",
	booktitle="2011 IEEE International Conference on Acoustics, Speech and Signal Processing (ICASSP)",
	pages="5680--5683",
	url="https://academic.microsoft.com/paper/2124895976",
	year="2011"
}

@inproceedings{deng2012use,
	title="Use of kernel deep convex networks and end-to-end learning for spoken language understanding",
	author="Li {Deng} and Gokhan {Tur} and Xiaodong {He} and Dilek {Hakkani-Tur}",
	booktitle="2012 IEEE Spoken Language Technology Workshop (SLT)",
	pages="210--215",
	url="https://academic.microsoft.com/paper/2074818733",
	year="2012"
}

@inproceedings{ravuri2015recurrent,
	title="Recurrent neural network and LSTM models for lexical utterance classification.",
	author="Suman V. {Ravuri} and Andreas {Stolcke}",
	booktitle="INTERSPEECH",
	pages="135--139",
	url="https://academic.microsoft.com/paper/2405622356",
	year="2015"
}


@inproceedings{mesnil2013investigation,
	title="Investigation of recurrent-neural-network architectures and learning methods for spoken language understanding.",
	author="Grégoire {Mesnil} and Xiaodong {He} and Li {Deng} and Yoshua {Bengio}",
	booktitle="INTERSPEECH",
	pages="3771--3775",
	url="https://academic.microsoft.com/paper/2399456070",
	year="2013"
}

@inproceedings{lee2013recipe,
	title="Recipe For Building Robust Spoken Dialog State Trackers: Dialog State Tracking Challenge System Description",
	author="Sungjin {Lee} and Maxine {Eskenazi}",
	booktitle="Proceedings of the SIGDIAL 2013 Conference",
	pages="414--422",
	url="https://academic.microsoft.com/paper/2250176356",
	year="2013"
}

@inproceedings{wang2013a,
	title="A Simple and Generic Belief Tracking Mechanism for the Dialog State Tracking Challenge: On the believability of observed information",
	author="Zhuoran {Wang} and Oliver {Lemon}",
	booktitle="Proceedings of the SIGDIAL 2013 Conference",
	pages="423--432",
	url="https://academic.microsoft.com/paper/1785674045",
	year="2013"
}

@inproceedings{williams2014web,
	title="Web-style ranking and SLU combination for dialog state tracking",
	author="Jason D {Williams}",
	booktitle="Proceedings of the 15th Annual Meeting of the Special Interest Group on Discourse and Dialogue (SIGDIAL)",
	pages="282--291",
	url="https://academic.microsoft.com/paper/2251355666",
	year="2014"
}

@inproceedings{lee2013structured,
	title="Structured Discriminative Model For Dialog State Tracking",
	author="Sungjin {Lee}",
	booktitle="Proceedings of the SIGDIAL 2013 Conference",
	pages="442--451",
	url="https://academic.microsoft.com/paper/2251149342",
	year="2013"
}

@inproceedings{deoras2013deep,
	title="Deep belief network based semantic taggers for spoken language understanding.",
	author="Anoop {Deoras} and Ruhi {Sarikaya}",
	booktitle="INTERSPEECH",
	pages="2713--2717",
	url="https://academic.microsoft.com/paper/2395389931",
	year="2013"
}

@inproceedings{williams2013multi,
	title="Multi-domain learning and generalization in dialog state tracking",
	author="Jason {Williams}",
	booktitle="Proceedings of the SIGDIAL 2013 Conference",
	pages="433--441",
	url="https://academic.microsoft.com/paper/2157098039",
	year="2013"
}

@inproceedings{ren2013dialog,
	title="Dialog State Tracking using Conditional Random Fields",
	author="Hang {Ren} and Weiqun {Xu} and Yan {Zhang} and Yonghong {Yan}",
	booktitle="Proceedings of the SIGDIAL 2013 Conference",
	pages="457--461",
	url="https://academic.microsoft.com/paper/2250583956",
	year="2013"
}

@inproceedings{yao2013recurrent,
	title="Recurrent neural networks for language understanding.",
	author="Kaisheng {Yao} and Geoffrey {Zweig} and Mei-Yuh {Hwang} and Yangyang {Shi} and Dong {Yu}",
	booktitle="INTERSPEECH",
	pages="2524--2528",
	url="https://academic.microsoft.com/paper/2400801499",
	year="2013"
}

@inproceedings{liu2016attention,
	title="Attention-Based Recurrent Neural Network Models for Joint Intent Detection and Slot Filling.",
	author="Bing {Liu} and Ian {Lane}",
	booktitle="Interspeech 2016",
	pages="685--689",
	url="https://academic.microsoft.com/paper/2963974889",
	year="2016"
}

@inproceedings{raymond2007generative,
	title="Generative and Discriminative Algorithms for Spoken Language Understanding",
	author="Christian {Raymond} and Giuseppe {Riccardi}",
	booktitle="INTERSPEECH",
	pages="1605--1608",
	url="https://academic.microsoft.com/paper/2166293310",
	year="2007"
}

@inproceedings{hemphill1990the,
	title="The ATIS spoken language systems pilot corpus",
	author="Charles T. {Hemphill} and John J. {Godfrey} and George R. {Doddington}",
	booktitle="HLT '90 Proceedings of the workshop on Speech and Natural Language",
	pages="96--101",
	url="https://academic.microsoft.com/paper/2077302143",
	year="1990"
}

@inproceedings{henderson2013deep,
	title="Deep Neural Network Approach for the Dialog State Tracking Challenge",
	author="Matthew {Henderson} and Blaise {Thomson} and Steve {Young}",
	booktitle="Proceedings of the SIGDIAL 2013 Conference",
	pages="467--471",
	url="https://academic.microsoft.com/paper/2108806737",
	year="2013"
}

@inproceedings{zhai2017neural,
	title="Neural Models for Sequence Chunking.",
	author="Feifei {Zhai} and Saloni {Potdar} and Bing {Xiang} and Bowen {Zhou}",
	booktitle="AAAI",
	pages="3365--3371",
	url="https://academic.microsoft.com/paper/2963369167",
	year="2017"
}

@inproceedings{dahl1994expanding,
	title="Expanding the scope of the ATIS task: the ATIS-3 corpus",
	author="Deborah A. {Dahl} and Madeleine {Bates} and Michael {Brown} and William {Fisher} and Kate {Hunicke-Smith} and David {Pallett} and Christine {Pao} and Alexander {Rudnicky} and Elizabeth {Shriberg}",
	booktitle="HLT '94 Proceedings of the workshop on Human Language Technology",
	pages="43--48",
	url="https://academic.microsoft.com/paper/2047237057",
	year="1994"
}

@inproceedings{wang2006discriminative,
	title="Discriminative models for spoken language understanding.",
	author="Ye-Yi {Wang} and Alex {Acero}",
	booktitle="INTERSPEECH",
	url="https://academic.microsoft.com/paper/2160042006",
	year="2006"
}

@article{simonnet2015exploring,
	title="Exploring the use of Attention-Based Recurrent Neural Networks For Spoken Language Understanding",
	author="Edwin {Simonnet} and Nathalie {Camelin} and Paul {Deléglise} and Yannick {Estève}",
	journal="",
	url="https://academic.microsoft.com/paper/2803211626",
	year="2015"
}

@book{reiter2000building,
	title="Building Natural Language Generation Systems",
	author="Ehud {Reiter} and Robert {Dale}",
	url="https://academic.microsoft.com/paper/1645937837",
	year="2000"
}

@inproceedings{williams2013the,
	title="The Dialog State Tracking Challenge",
	author="Jason {Williams} and Antoine {Raux} and Deepak {Ramachandran} and Alan {Black}",
	booktitle="Proceedings of the SIGDIAL 2013 Conference",
	pages="404--413",
	url="https://academic.microsoft.com/paper/2251235149",
	year="2013"
}

@inproceedings{goddeau1996a,
	title="A form-based dialogue manager for spoken language applications",
	author="D. {Goddeau} and H. {Meng} and J. {Polifroni} and S. {Seneff} and S. {Busayapongchai}",
	booktitle="Proceeding of Fourth International Conference on Spoken Language Processing. ICSLP '96",
	volume="2",
	pages="701--704",
	url="https://academic.microsoft.com/paper/1509171145",
	year="1996"
}

@inproceedings{mrksic2017neural,
	title="Neural Belief Tracker: Data-Driven Dialogue State Tracking",
	author="Nikola {Mrksic} and Diarmuid Ó {Séaghdha} and Tsung-Hsien {Wen} and Blaise {Thomson} and Steve J. {Young}",
	booktitle="Proceedings of the 55th Annual Meeting of the Association for
      Computational Linguistics (Volume 1: Long Papers)",
	volume="1",
	pages="1777--1788",
	url="https://academic.microsoft.com/paper/2964101860",
	year="2017"
}

@inproceedings{mrkšić2015multi,
	title="Multi-domain Dialog State Tracking using Recurrent Neural Networks",
	author="Nikola {Mrkšić} and Diarmuid Ó {Séaghdha} and Blaise {Thomson} and Milica {Gasic} and Pei-Hao {Su} and David {Vandyke} and Tsung-Hsien {Wen} and Steve {Young}",
	booktitle="Proceedings of the 53rd Annual Meeting of the Association for Computational Linguistics and the 7th International Joint Conference on Natural Language Processing (Volume 2: Short Papers)",
	volume="2",
	pages="794--799",
	url="https://academic.microsoft.com/paper/2963788376",
	year="2015"
}


@inproceedings{kim2014sequential,
	title="Sequential Labeling for Tracking Dynamic Dialog States",
	author="Seokhwan {Kim} and Rafael E. {Banchs}",
	booktitle="Proceedings of the 15th Annual Meeting of the Special Interest Group on Discourse and Dialogue (SIGDIAL)",
	pages="332--336",
	url="https://academic.microsoft.com/paper/2251527109",
	year="2014"
}

@article{gasic2014gaussian,
	title="Gaussian Processes for POMDP-Based Dialogue Manager Optimization",
	author="Milica {Gasic} and Steve {Young}",
	journal="IEEE Transactions on Audio, Speech, and Language Processing",
	volume="22",
	number="1",
	pages="28--40",
	url="https://academic.microsoft.com/paper/2047335008",
	year="2014"
}

@inproceedings{wen2017a,
	title="A Network-based End-to-End Trainable Task-oriented Dialogue System",
	author="Tsung-Hsien {Wen} and David {Vandyke} and Nikola {Mrkšić} and Milica {Gasic} and Lina M. Rojas {Barahona} and Pei-Hao {Su} and Stefan {Ultes} and Steve {Young}",
	booktitle="Proceedings of the 15th Conference of the European Chapter of the Association for Computational Linguistics: Volume 1, Long Papers",
	volume="1",
	pages="438--449",
	url="https://academic.microsoft.com/paper/2963797754",
	year="2017"
}

@article{jurčíček2011natural,
	title="Natural actor and belief critic: Reinforcement algorithm for learning parameters of dialogue systems modelled as POMDPs",
	author="Filip {Jurčíček} and Blaise {Thomson} and Steve {Young}",
	journal="ACM Transactions on Speech and Language Processing",
	volume="7",
	number="3",
	pages="6",
	url="https://academic.microsoft.com/paper/2015936967",
	year="2011"
}

@inproceedings{cuayáhuitl2015strategic,
	title="Strategic Dialogue Management via Deep Reinforcement Learning",
	author="Heriberto {Cuayáhuitl} and Simon {Keizer} and Oliver {Lemon}",
	booktitle="NIPS'15 Workshop on Deep Reinforcement Learning",
	url="https://academic.microsoft.com/paper/2963993719",
	year="2015"
}

@inproceedings{su2017sample,
	title="Sample-efficient Actor-Critic Reinforcement Learning with Supervised Data for Dialogue Management",
	author="Pei-Hao {Su} and Pawel {Budzianowski} and Stefan {Ultes} and Milica {Gasic} and Steve J. {Young}",
	booktitle="Proceedings of the 18th Annual SIGdial Meeting on Discourse and Dialogue",
	pages="147--157",
	url="https://academic.microsoft.com/paper/2964044380",
	year="2017"
}

@inproceedings{zhou2017building,
	title="Building Task-Oriented Dialogue Systems for Online Shopping",
	author="Jianshe {Zhou} and Peng {Chen} and Yan {Zhao(} and Ming {Zhou} and Nan {Duan} and Zhoujun {Li}",
	booktitle="AAAI",
	pages="4618--4626",
	url="https://academic.microsoft.com/paper/2604580630",
	year="2017"
}

@inproceedings{lef`evre2009k,
	title="k-Nearest Neighbor Monte-Carlo Control Algorithm for POMDP-Based Dialogue Systems",
	author="Fabrice {Lef`evre} and Milica {Gaši'c} and Filip {Jurċ'iċek} and Simon {Keizer} and François {Mairesse} and Blaise {Thomson} and Kai {Yu} and Steve {Young}",
	booktitle="Proceedings of the SIGDIAL 2009 Conference",
	pages="272--275",
	url="https://academic.microsoft.com/paper/2056733976",
	year="2009"
}

@misc{li2019alime,
    title={AliMe KBQA: Question Answering over Structured Knowledge for E-commerce Customer Service},
    author={Feng-Lin Li and Weijia Chen and Qi Huang and Yikun Guo},
    year={2019},
    eprint={1912.05728},
    archivePrefix={arXiv},
    primaryClass={cs.AI}
}

@misc{zhou2018design,
    title={The Design and Implementation of XiaoIce, an Empathetic Social Chatbot},
    author={Li Zhou and Jianfeng Gao and Di Li and Heung-Yeung Shum},
    year={2018},
    eprint={1812.08989},
    archivePrefix={arXiv},
    primaryClass={cs.HC}
}


@inproceedings{reiter1994has,
	title="Has a consensus NL generation architecture appeared, and is it psycholinguistically plausible?",
	author="Ehud {Reiter}",
	booktitle="INLG '94 Proceedings of the Seventh International Workshop on Natural Language Generation",
	pages="163--170",
	url="https://academic.microsoft.com/paper/2005473185",
	year="1994"
}

@inproceedings{oh2000stochastic,
	title="Stochastic language generation for spoken dialogue systems",
	author="Alice H. {Oh} and Alexander I. {Rudnicky}",
	booktitle="ANLP/NAACL-ConvSyst '00 Proceedings of the 2000 ANLP/NAACL Workshop on Conversational systems - Volume 3",
	pages="27--32",
	url="https://academic.microsoft.com/paper/2004637830",
	year="2000"
}

@article{walker2002training,
	title="Training a sentence planner for spoken dialogue using boosting",
	author="Marilyn A. {Walker} and Owen C. {Rambow} and Monica {Rogati}",
	journal="Computer Speech \& Language",
	volume="16",
	number="3",
	pages="409--433",
	url="https://academic.microsoft.com/paper/2050523636",
	year="2002"
}
